%% This BibTeX bibliography file was created using BibDesk.
%% http://bibdesk.sourceforge.net/


%% Created for Saul Toscano Palmerin at 2015-04-28 04:04:51 -0400 


%% Saved with string encoding Unicode (UTF-8) 



@book{chen:ocva,
	Address = {Singapore},
	Author = {Chun-Hung Chen and Loo Hay Lee},
	Date-Added = {2015-04-28 07:54:56 +0000},
	Date-Modified = {2015-04-28 07:57:27 +0000},
	Publisher = {World Scientific},
	Title = {Stohcastic Simulation Optimization: An Optimal Computing Budget Allocation},
	Volume = {1},
	Year = {2011}}

@article{Frazier:Tutorial,
	Author = {Peter Frazier},
	Date-Added = {2015-04-28 07:44:08 +0000},
	Date-Modified = {2015-04-28 07:46:18 +0000},
	Journal = {Proceedings of the 2012 Winter Simulation Conference.},
	Title = {TUTORIAL: OPTIMIZATION VIA SIMULATION WITH BAYESIAN STATISTICS AND DYNAMIC PROGRAMMING},
	Year = {2012}}

@article{Kim:Conserv,
	Author = {Huizhu Wang and Seong-Hee Kim},
	Date-Added = {2015-04-28 05:28:06 +0000},
	Date-Modified = {2015-04-28 05:28:06 +0000},
	Journal = {IEEE Transactions on automatic control},
	Number = {6},
	Pages = {1613--1619},
	Title = {Reducing the conservativeness of fully sequential indifference-zone procedures},
	Volume = {58},
	Year = {2013}}

@conference{kim:2007,
	Address = {Piscataway, New Jersey},
	Author = {S.H. Kim and B.L. Nelson},
	Booktitle = {Proceedings of the 39th conference on Winter simulation: 40 years! The best is yet to come.},
	Date-Added = {2015-04-25 18:54:24 +0000},
	Date-Modified = {2015-04-25 18:55:46 +0000},
	Editor = {IEEE Press},
	Pages = {162--172},
	Title = {Recent advances in ranking and selection},
	Year = {2007}}

@inproceedings{kim:20062,
	Address = {Elsevier, Amsterdam},
	Author = {S.H. Kim and B.L. Nelson},
	Booktitle = {Handbook in Operations Research and Management Science: Simulation},
	Date-Added = {2015-04-25 18:50:31 +0000},
	Date-Modified = {2015-04-25 18:54:21 +0000},
	Editor = {S.G. Henderson, B.L. Nelson, eds.},
	Pages = {501--534},
	Title = {Selecting the best system},
	Year = {2006}}

@article{Bechhofer:1954,
	Author = {R. E. Bechhofer},
	Date-Modified = {2015-04-24 10:22:50 +0000},
	Journal = {The Annals of Mathematical Statistics},
	Number = {1},
	Owner = {saultoscano},
	Pages = {16--39},
	Timestamp = {2015.04.25},
	Title = {A Single-Sample multiple-decision procedure for selecting the multinomial event which has the highest probability},
	Volume = {25},
	Year = {1954}}

@book{Bechhofer:1968,
	Address = {Chicago},
	Author = {R. E. Bechhofer and J. Kiefer and M. Sobel},
	Date-Modified = {2015-04-28 05:18:18 +0000},
	Owner = {saultoscano},
	Publisher = {University of Chicago Press},
	Timestamp = {2015.04.25},
	Title = {Sequential Identification and Ranking Procedures},
	Year = {1968}}

@book{billingsley:convergnce2,
	Address = {New York},
	Author = {P. Billingsley},
	Date-Modified = {2015-04-24 10:14:16 +0000},
	Edition = {2nd},
	Owner = {saultoscano},
	Publisher = {John Wiley and Sons},
	Timestamp = {2015.04.25},
	Title = {Convergence of Probability Measures},
	Year = {1999}}

@book{billingsley:convergence,
	Address = {New York},
	Author = {P. Billingsley},
	Date-Modified = {2015-04-24 10:12:32 +0000},
	Owner = {saultoscano},
	Publisher = {John Wiley and Sons},
	Timestamp = {2015.04.25},
	Title = {Convergence of Probability Measures},
	Year = {1968}}

@conference{dieker:2012,
	Author = {AB Dieker and Seong-Hee Kim},
	Booktitle = {Proceedings of the 2012 Winter Simulation Conference.},
	Date-Added = {2015-04-24 19:58:52 +0000},
	Date-Modified = {2015-04-24 19:59:56 +0000},
	Editor = {IEEE},
	Owner = {saultoscano},
	Timestamp = {2015.04.25},
	Title = {Selecting the best by comparing simulated systems in a group of three when variances are known and unequal},
	Year = {2012}}

@article{Fabian,
	Author = {V. Fabian},
	Date-Added = {2015-04-24 19:48:31 +0000},
	Date-Modified = {2015-04-24 19:49:09 +0000},
	Journal = {The Annals of Mathematical Statistics},
	Number = {1},
	Owner = {saultoscano},
	Pages = {170--176},
	Timestamp = {2015.04.25},
	Title = {Note on Anderson's sequential procedures with triangular boundary.},
	Volume = {2},
	Year = {1974}}

@article{Frazier:BIZ,
	Author = {P. I. Frazier},
	Date-Modified = {2015-04-24 10:17:12 +0000},
	Journal = {Operations Research},
	Owner = {saultoscano},
	Timestamp = {2015.04.25},
	Title = {A Fully Sequential Elimination Procedure for Indifference-Zone Ranking and Selection with Tight Bounds on Probability of Correct Selection},
	Year = {2014}}

@article{Goldsman:2002,
	Author = {D. Goldsman and S.H. Kim and W.S. Marshall and B.L. Nelson},
	Date-Added = {2015-04-24 19:56:07 +0000},
	Date-Modified = {2015-04-24 19:57:11 +0000},
	Journal = {INFORMS Journal on Computing},
	Number = {1},
	Owner = {saultoscano},
	Pages = {2--19},
	Timestamp = {2015.04.25},
	Title = {Ranking and selection for steady-state simulation: Procedures and perspectives.},
	Volume = {14},
	Year = {2002}}

@article{Hartmann:1991,
	Author = {Hartmann},
	Date-Added = {2015-04-24 19:51:12 +0000},
	Date-Modified = {2015-04-24 19:52:00 +0000},
	Journal = {Sequential Analysis},
	Number = {1-2},
	Owner = {saultoscano},
	Pages = {1--16},
	Timestamp = {2015.04.25},
	Title = {An improvement on Paulson's procedure for selecting the population with the largest mean from k normal populations with a common unknown variance},
	Volume = {10},
	Year = {1991}}

@article{hartmann:sequential,
	Author = {M. Hartmann},
	Journal = {Sequential Analysis},
	Owner = {saultoscano},
	Pages = {1--16},
	Timestamp = {2015.04.25},
	Title = {An improvement on {P}aulson's procedure for selecting the population with the largest mean from k normal populations with a common unknown variance},
	Volume = {10},
	Year = {1991}}

@article{Harmann:1988,
	Author = {M. Hartmann},
	Date-Added = {2015-04-24 19:50:24 +0000},
	Date-Modified = {2015-04-24 19:51:09 +0000},
	Journal = {Sequential Analysis},
	Number = {4},
	Owner = {saultoscano},
	Pages = {363--372},
	Timestamp = {2015.04.25},
	Title = {An improvement on Paulson's sequential ranking procedure},
	Volume = {7},
	Year = {1988}}

@article{Hong,
	Author = {J. Hong},
	Date-Added = {2015-04-24 19:57:22 +0000},
	Date-Modified = {2015-04-24 19:57:59 +0000},
	Journal = {Naval Research Logistics},
	Number = {5},
	Owner = {saultoscano},
	Pages = {464--476},
	Timestamp = {2015.04.25},
	Title = {Fully sequential indi?erence-zone selection procedures with variance-dependent sampling},
	Volume = {53},
	Year = {2006}}

@book{Karatzas:Brownian,
	Address = {New York},
	Author = {I. Karatzas and S. Shreve},
	Date-Modified = {2015-04-24 10:18:44 +0000},
	Owner = {saultoscano},
	Publisher = {Springer},
	Timestamp = {2015.04.25},
	Title = {Brownian Motion and Stochastic Calculus},
	Year = {1991}}

@article{kim:2011,
	Author = {Seong-Hee Kim and AB Dieker},
	Date-Modified = {2015-04-24 19:17:15 +0000},
	Journal = {Proceedings of the 2011 Simulation Conference.},
	Owner = {saultoscano},
	Pages = {3987--3997},
	Timestamp = {2015.04.25},
	Title = {Selecting the best by comparing simulated systems in a group of three.},
	Year = {2011}}

@article{kim:asympt,
	Author = {Seong-Hee Kim and Barry L. Nelson},
	Date-Added = {2015-04-24 22:37:57 +0000},
	Date-Modified = {2015-04-24 22:39:13 +0000},
	Journal = {Operations Research},
	Number = {3},
	Owner = {saultoscano},
	Pages = {475--488},
	Timestamp = {2015.04.25},
	Title = {On the Asymptotic Validity of Fully Sequential Selection Procedures for Steady-State Simulation},
	Volume = {54},
	Year = {2006}}

@article{Kim:2001,
	Author = {Seong-Hee Kim and Barry L. Nelson},
	Date-Added = {2015-04-24 19:54:34 +0000},
	Date-Modified = {2015-04-24 19:55:29 +0000},
	Journal = {ACM Trans. Model. Comput. Simul.},
	Number = {3},
	Owner = {saultoscano},
	Pages = {251--273},
	Timestamp = {2015.04.25},
	Title = {A fully sequential procedure for indiference-zone selection in simulation},
	Volume = {11},
	Year = {2001}}

@article{tamhane:screening,
	Author = {Seong-Hee Kim and Barry L. Nelson},
	Date-Modified = {2015-04-24 19:21:45 +0000},
	Journal = {ACM Trans. Model. Comput. Simul.},
	Number = {3},
	Owner = {saultoscano},
	Pages = {251--273},
	Timestamp = {2015.04.25},
	Title = {A fully sequential procedure for indiference-zone selection in simulation},
	Volume = {11},
	Year = {2001}}

@article{Paulson:1994,
	Author = {E. Paulson},
	Date-Added = {2015-04-24 19:52:24 +0000},
	Date-Modified = {2015-04-24 19:52:53 +0000},
	Journal = {Sequential Analysis},
	Number = {3},
	Owner = {saultoscano},
	Timestamp = {2015.04.25},
	Title = {Sequential procedures for selecting the best one of k Koopman-Darmois populations},
	Volume = {13},
	Year = {1994}}

@article{Paulson:01,
	Author = {E. Paulson},
	Date-Added = {2015-04-24 19:47:18 +0000},
	Date-Modified = {2015-04-24 19:48:08 +0000},
	Journal = {The Annals of Mathematical Statistics},
	Number = {1},
	Owner = {saultoscano},
	Pages = {174--180},
	Timestamp = {2015.04.25},
	Title = {A sequential procedure for selecting the population with the largest mean from k normal populations},
	Volume = {35},
	Year = {1964}}

@book{Bechhofer:1995,
	Address = {New York},
	Author = {R. E. Bechhofer, T.J. Santner, D.M. Goldsman},
	Date-Modified = {2015-04-25 18:04:11 +0000},
	Owner = {saultoscano},
	Publisher = {J.Wiley and Sons},
	Timestamp = {2015.04.25},
	Title = {Design and Analysis of Experiments for Statistical Selection, Screening and Multiple Comparisons.},
	Year = {1995}}

@article{Rinott,
	Author = {Y. Rinott},
	Date-Added = {2015-04-24 19:49:29 +0000},
	Date-Modified = {2015-04-24 19:50:12 +0000},
	Journal = {Communications in Statistics-Theory and Methods},
	Number = {8},
	Owner = {saultoscano},
	Pages = {799--811},
	Timestamp = {2015.04.25},
	Title = {On Two-Stage Selection Procedures and Related Probability-Inequalities},
	Volume = {7},
	Year = {1978}}

@article{swisher:survey,
	Author = {J.R. Swisher and S.H. Jacobson and E. Y{\"u}cesan},
	Date-Modified = {2015-04-24 19:14:37 +0000},
	Journal = {ACM Transactions on Modeling and Computer Simulation},
	Number = {2},
	Owner = {saultoscano},
	Pages = {134--154},
	Timestamp = {2015.04.25},
	Title = {Discrete-event simulation optimization using ranking, selection, and multiple comparison procedures: A survey.},
	Volume = {13},
	Year = {2003}}

@techreport{fullpaper,
    Year = {2015},
    Title = {Asymptotic Validity of a Fully Sequential Elimination Procedure for Indifference-Zone Ranking and Selection with Tight Bounds on Probability of Correct Selection},
    Author = {Saul Toscano-Palmerin and Peter I. Frazier},
    Note = {in preparation}
}

