@article{Boesel2003,
author = {Boesel, Justin and Nelson, Barry L and Kim, Seong-hee},
file = {:Users/pfrazier/work/papers/mendeley/814.full.pdf:pdf},
journal = {Operations Research},
number = {5},
pages = {814--825},
title = {{USING RANKING AND SELECTION TO “ CLEAN UP ” AFTER SIMULATION OPTIMIZATION}},
volume = {51},
year = {2003}
}

@article{WangKim2011,
  title={On the Conservativeness of Fully Sequential Indifference-Zone Procedures},
  author={Wang, Huizhu and Kim, Seong-Hee},
  journal={Submitted for publication},
  year={2012}
}


